[gd_scene load_steps=3 format=3 uid="uid://cikxosbhj1wtj"]

[ext_resource type="Script" path="res://addons/table_container/Table.gd" id="1_ro01b"]
[ext_resource type="Script" path="res://addons/table_plugin/header.gd" id="2_1em46"]

[node name="Constrained" type="PanelContainer"]
clip_contents = true
anchors_preset = 15
anchor_right = 1.0
anchor_bottom = 1.0
offset_right = -1.0
grow_horizontal = 2
grow_vertical = 2

[node name="Table" type="Control" parent="."]
layout_mode = 2
script = ExtResource("1_ro01b")
pre_domain = Rect2i(0, 0, 7, 3)
auto_column_headers = true
auto_row_headers = true

[node name="ColumnHeaders" type="Control" parent="Table"]
anchors_preset = 0
offset_left = 20.0
offset_right = 1151.0
offset_bottom = 23.0

[node name="2439707815" type="PanelContainer" parent="Table/ColumnHeaders"]
layout_mode = 0
offset_left = 500.0
offset_right = 632.5
offset_bottom = 23.0
script = ExtResource("2_1em46")
ratio = Vector2(0.2, 1)
coord = Vector2i(5, 0)

[node name="@Label@24202" type="Label" parent="Table/ColumnHeaders/2439707815"]
layout_mode = 2
text = "beans"
horizontal_alignment = 1
vertical_alignment = 1

[node name="1286909370" type="PanelContainer" parent="Table/ColumnHeaders"]
layout_mode = 0
offset_left = 632.5
offset_right = 1131.0
offset_bottom = 23.0
script = ExtResource("2_1em46")
coord = Vector2i(6, 0)

[node name="@Label@38570" type="Label" parent="Table/ColumnHeaders/1286909370"]
layout_mode = 2
text = "unbound"
horizontal_alignment = 1
vertical_alignment = 1

[node name="RowHeaders" type="Control" parent="Table"]
anchors_preset = 0
offset_top = 23.0
offset_right = 20.0
offset_bottom = 648.0

[node name="Cells" type="Control" parent="Table"]
anchors_preset = 0
offset_left = 20.0
offset_top = 23.0
offset_right = 1151.0
offset_bottom = 648.0
